%! Author = florian
%! Date = 04.10.23

@article{enedis-dev-guide,
    author = {ENEDIS},
    title = {Guide de d√©veloppement},
    year = {2019},
}

@article{eda,
    author	={{EDA}},
    title	={EDA},
    year	={2023},
    url	={https://www.eda.at/}
}

@article{ebutilities,
    author	={ebutilities},
    title	={EbUtilities},
    year	={2023},
    url	={https://www.ebutilities.at/}
}
